<?xml version="1.0" encoding="UTF-8"?><collection xmlns="http://www.loc.gov/MARC21/slim"><record><leader>00557nam--2200181-i-4500</leader><controlfield tag="001">000011893</controlfield><controlfield tag="002">20161230</controlfield><controlfield tag="005">20170103235527</controlfield><controlfield tag="008">060222s1000------------r-----000-0-fre-d</controlfield><datafield ind1=" " ind2=" " tag="040"><subfield code="a">IFIN-HH</subfield></datafield><datafield ind1=" " ind2=" " tag="041"><subfield code="a">fre</subfield></datafield><datafield ind1=" " ind2=" " tag="080"><subfield code="a">539.172.12(047.3)</subfield></datafield><datafield ind1="1" ind2=" " tag="100"><subfield code="a">Comparat, Vincent</subfield></datafield><datafield ind1="1" ind2="0" tag="245"><subfield code="a">Diffusion elastique et inelastique proton-noyau a 156 mev: etude experimentale et interpretation en approximation d`impulsion</subfield><subfield code="b">These</subfield><subfield code="c">Vincent Comparat</subfield></datafield><datafield ind1=" " ind2=" " tag="260"><subfield code="a">Paris</subfield><subfield code="b">Universite</subfield><subfield code="c">1975</subfield></datafield><datafield ind1=" " ind2=" " tag="300"><subfield code="a">94 p</subfield></datafield><datafield ind1=" " ind2=" " tag="852"><subfield code="a">44040</subfield><subfield code="c">539.17</subfield></datafield><datafield ind1=" " ind2=" " tag="CAT"><subfield code="a">SYS</subfield><subfield code="c">20170103</subfield><subfield code="h">235527</subfield></datafield></record></collection>